<?xml version="1.0" encoding="UTF-8"?>
<record>
  <leader>00671nam#a2200205#c#4500</leader>
  <controlfield tag="005">20210408143221.0</controlfield>
  <controlfield tag="007">tu</controlfield>
  <controlfield tag="008">970229|########xx#######m####|||#|#####c</controlfield>
  <controlfield tag="003">DE-605</controlfield>
  <controlfield tag="001">990129250080206441</controlfield>
  <datafield tag="035" ind1=" " ind2=" ">
    <subfield code="a">(DE-605)TT000509634</subfield>
  </datafield>
  <datafield tag="040" ind1=" " ind2=" ">
    <subfield code="a">294/Inst</subfield>
    <subfield code="b">ger</subfield>
    <subfield code="c">294/Inst</subfield>
    <subfield code="e">rakwb</subfield>
  </datafield>
  <datafield tag="100" ind1="1" ind2=" ">
    <subfield code="a">Krink, Kirsten</subfield>
    <subfield code="4">aut</subfield>
  </datafield>
  <datafield tag="245" ind1="1" ind2="0">
    <subfield code="a">Kristallographische Charakterisierung der ionenausgetauschten Phasen des Na-Schichtsilicates RUB-18 und deren thermisches Verhalten</subfield>
    <subfield code="c">vorgelegt von Kirsten Krink</subfield>
  </datafield>
  <datafield tag="300" ind1=" " ind2=" ">
    <subfield code="a">107 S.</subfield>
  </datafield>
  <datafield tag="502" ind1=" " ind2=" ">
    <subfield code="a">Bochum, Univ., Dipl.-Arbeit, 1997</subfield>
  </datafield>
  <datafield tag="751" ind1=" " ind2=" ">
    <subfield code="a">Bochum</subfield>
    <subfield code="4">uvp</subfield>
  </datafield>
  <datafield tag="964" ind1="0" ind2="s">
    <subfield code="F">030</subfield>
    <subfield code="A">a|1uc||||||17</subfield>
  </datafield>
  <datafield tag="964" ind1="0" ind2="s">
    <subfield code="F">050</subfield>
    <subfield code="A">a|||||||||||||</subfield>
  </datafield>
  <datafield tag="964" ind1="0" ind2="s">
    <subfield code="F">051</subfield>
    <subfield code="A">my||||||</subfield>
  </datafield>
  <datafield tag="MBD" ind1=" " ind2=" ">
    <subfield code="M">49HBZ_NETWORK</subfield>
    <subfield code="i">990129250080206441</subfield>
    <subfield code="n">HBZ Network</subfield>
  </datafield>
  <datafield tag="MBD" ind1=" " ind2=" ">
    <subfield code="M">49HBZ_UBO</subfield>
    <subfield code="i">991024396659706471</subfield>
    <subfield code="n">Universität Bochum</subfield>
  </datafield>
  <datafield tag="MNG" ind1=" " ind2=" ">
    <subfield code="c">System</subfield>
    <subfield code="f">ILS</subfield>
    <subfield code="i">marc21</subfield>
    <subfield code="l">40</subfield>
    <subfield code="k">01</subfield>
    <subfield code="e">false</subfield>
    <subfield code="d">2021-04-08 14:32:21 Europe/Berlin</subfield>
    <subfield code="g">012925008-HBZ01</subfield>
    <subfield code="j">60</subfield>
    <subfield code="a">import</subfield>
    <subfield code="b">2021-04-06 03:23:01 Europe/Berlin</subfield>
  </datafield>
  <datafield tag="H52" ind1="8" ind2=" ">
    <subfield code="b">IB</subfield>
    <subfield code="c">IB_GMG</subfield>
    <subfield code="h">DIP 74</subfield>
    <subfield code="8">22126636490006471</subfield>
  </datafield>
  <datafield tag="HOL" ind1=" " ind2=" ">
    <subfield code="b">2023-07-30 15:49:36</subfield>
    <subfield code="8">22126636490006471</subfield>
    <subfield code="M">49HBZ_UBO</subfield>
    <subfield code="g">false</subfield>
    <subfield code="a">import</subfield>
  </datafield>
  <datafield tag="ITM" ind1=" " ind2=" ">
    <subfield code="H">22126636490006471</subfield>
    <subfield code="x">IB_GMG</subfield>
    <subfield code="f">BOOK</subfield>
    <subfield code="v">IB_GMG</subfield>
    <subfield code="p">S</subfield>
    <subfield code="X">AMO_TL2_FIX</subfield>
    <subfield code="U">2023-07-30 12:59:00 Europe/Berlin</subfield>
    <subfield code="Y">2023-07-31 18:08:30 Europe/Berlin</subfield>
    <subfield code="h">false</subfield>
    <subfield code="J">Fussnote: MinK</subfield>
    <subfield code="n">DIP 74</subfield>
    <subfield code="G">1</subfield>
    <subfield code="M">49HBZ_UBO</subfield>
    <subfield code="s">1</subfield>
    <subfield code="d">8</subfield>
    <subfield code="V">import</subfield>
    <subfield code="L">HBZ01: TT000509634 | Anzahl  Beilagen: 1</subfield>
    <subfield code="b">TEMP50012925008-000010</subfield>
    <subfield code="O">SISIS-Vormerkzähler Migrationsjahr: 0 | SISIS-Buchdaten-Aufnahmedatum: 2008-05-23 | FussnoteIInt: 97/58</subfield>
    <subfield code="N">Sigel: 294/22 | Klassifikation: 0 | SISIS-Ausleihzähler Migrationsjahr: 0</subfield>
    <subfield code="a">23126636480006471</subfield>
    <subfield code="c">DIP 74</subfield>
    <subfield code="W">2023-07-30 17:49:36 Europe/Berlin</subfield>
    <subfield code="u">IB</subfield>
    <subfield code="w">IB</subfield>
  </datafield>
</record>
